@article{KM3NeT:2024ecf,
    author = "Aiello, S. and others",
    collaboration = "KM3NeT",
    title = "{Measurement of neutrino oscillation parameters with the first six detection units of KM3NeT/ORCA}",
    eprint = "2408.07015",
    archivePrefix = "arXiv",
    primaryClass = "hep-ex",
    doi = "10.1007/JHEP10(2024)206",
    journal = "JHEP",
    volume = "10",
    pages = "206",
    year = "2024"
}

@article{KM3NeT:2024nwb,
    author = "Aiello, S. and others",
    collaboration = "KM3NeT",
    title = "{Search for neutrino emission from GRB 221009A using the KM3NeT ARCA and ORCA detectors}",
    eprint = "2404.05354",
    archivePrefix = "arXiv",
    primaryClass = "astro-ph.HE",
    doi = "10.1088/1475-7516/2024/08/006",
    journal = "JCAP",
    volume = "08",
    pages = "006",
    year = "2024"
}

@article{KM3NeT:2024buf,
    author = "Aiello, S. and others",
    collaboration = "KM3NeT",
    title = "{Atmospheric muons measured with the KM3NeT detectors in comparison with updated numeric predictions}",
    eprint = "2403.11946",
    archivePrefix = "arXiv",
    primaryClass = "astro-ph.HE",
    doi = "10.1140/epjc/s10052-024-13018-8",
    journal = "Eur. Phys. J. C",
    volume = "84",
    number = "7",
    pages = "696",
    year = "2024"
}

@article{KM3NeT:2024uhg,
    author = "Aiello, S. and others",
    collaboration = "KM3NeT",
    title = "{Differential Sensitivity of the KM3NeT/ARCA detector to a diffuse neutrino flux and to point-like source emission: Exploring the case of the Starburst Galaxies}",
    eprint = "2402.09088",
    archivePrefix = "arXiv",
    primaryClass = "astro-ph.HE",
    doi = "10.1016/j.astropartphys.2024.102990",
    journal = "Astropart. Phys.",
    volume = "162",
    pages = "102990",
    year = "2024"
}

@article{KM3NeT:2024paj,
    author = "Aiello, S. and others",
    collaboration = "KM3NeT",
    title = "{Astronomy potential of KM3NeT/ARCA}",
    eprint = "2402.08363",
    archivePrefix = "arXiv",
    primaryClass = "astro-ph.HE",
    doi = "10.1140/epjc/s10052-024-13137-2",
    journal = "Eur. Phys. J. C",
    volume = "84",
    number = "9",
    pages = "885",
    year = "2024"
}

@article{KM3NeT:2023cdr,
    author = "Aiello, S. and others",
    collaboration = "KM3NeT",
    title = "{Searches for neutrino counterparts of gravitational waves from the LIGO/Virgo third observing run with KM3NeT}",
    eprint = "2311.03804",
    archivePrefix = "arXiv",
    primaryClass = "astro-ph.HE",
    doi = "10.1088/1475-7516/2024/04/026",
    journal = "JCAP",
    volume = "04",
    pages = "026",
    year = "2024"
}

@article{CTAConsortium:2023knr,
    author = "Unbehaun, T. and others",
    collaboration = "CTA Consortium, KM3NeT",
    title = "{Prospects for combined analyses of hadronic emission from $\gamma $-ray sources in the Milky Way with CTA and KM3NeT}",
    eprint = "2309.03007",
    archivePrefix = "arXiv",
    primaryClass = "astro-ph.HE",
    doi = "10.1140/epjc/s10052-023-12279-z",
    journal = "Eur. Phys. J. C",
    volume = "84",
    number = "2",
    pages = "112",
    year = "2024"
}

@article{KM3NeT:2023yya,
    author = "Aiello, S. and others",
    collaboration = "KM3NeT",
    title = "{Embedded software of the KM3NeT central logic board}",
    eprint = "2308.01032",
    archivePrefix = "arXiv",
    primaryClass = "astro-ph.IM",
    doi = "10.1016/j.cpc.2023.109036",
    journal = "Comput. Phys. Commun.",
    volume = "296",
    pages = "109036",
    year = "2024"
}
